@article{lysmer1969finite,
  title={Finite dynamic model for infinite media},
  author={Lysmer, John and Kuhlemeyer, Roger L},
  journal={Journal of the Engineering Mechanics Division},
  volume={95},
  number={4},
  pages={859--878},
  year={1969},
  publisher={ASCE}
}

@article{berenger1994perfectly,
  title={A perfectly matched layer for the absorption of electromagnetic waves},
  author={Berenger, Jean-Pierre},
  journal={Journal of computational physics},
  volume={114},
  number={2},
  pages={185--200},
  year={1994},
  publisher={Elsevier}
}

@inproceedings{newmark1959method,
  title={A method of computation for structural dynamics},
  author={Newmark, Nathan Mortimore and others},
  year={1959},
  organization={American Society of Civil Engineers}
}

@article{hilber1977improved,
  title={Improved numerical dissipation for time integration algorithms in structural dynamics},
  author={Hilber, Hans M and Hughes, Thomas JR and Taylor, Robert L},
  journal={Earthquake Engineering \& Structural Dynamics},
  volume={5},
  number={3},
  pages={283--292},
  year={1977},
  publisher={Wiley Online Library}
}

@article{wood1980alpha,
  title={An alpha modification of Newmark's method},
  author={Wood, WL and Bossak, M and Zienkiewicz, OC},
  journal={International Journal for Numerical Methods in Engineering},
  volume={15},
  number={10},
  pages={1562--1566},
  year={1980},
  publisher={Wiley Online Library}
}

@article{hoff1988development,
  title={Development of an implicit method with numerical dissipation from a generalized single-step algorithm for structural dynamics},
  author={Hoff, C and Pahl, PJ},
  journal={Computer Methods in Applied Mechanics and Engineering},
  volume={67},
  number={3},
  pages={367--385},
  year={1988},
  publisher={Elsevier}
}

@article{chung1993time,
  title={A time integration algorithm for structural dynamics with improved numerical dissipation: the generalized-$\alpha$ method},
  author={Chung, Jintai and Hulbert, GM1223971},
  year={1993}
}

@article{erlicher2002analysis,
  title={The analysis of the generalized-$\alpha$ method for non-linear dynamic problems},
  author={Erlicher, Silvano and Bonaventura, Luca and Bursi, Oreste S},
  journal={Computational Mechanics},
  volume={28},
  number={2},
  pages={83--104},
  year={2002},
  publisher={Springer}
}

@book{hughes2012finite,
  title={The finite element method: linear static and dynamic finite element analysis},
  author={Hughes, Thomas JR},
  year={2012},
  publisher={Courier Corporation}
}

@book{zienkiewicz1994finite,
  title={The finite element method, ; volume 1: basic formulation and linear problems},
  author={Zienkiewicz, Olgierd C and Taylor, Robert L},
  year={1994}
}

@article{engquist1977absorbing,
  title={Absorbing boundary conditions for numerical simulation of waves},
  author={Engquist, Bj{\"o}rn and Majda, Andrew},
  journal={Proceedings of the National Academy of Sciences},
  volume={74},
  number={5},
  pages={1765--1766},
  year={1977},
  publisher={National Acad Sciences}
}

@article{clayton1977absorbing,
  title={Absorbing boundary conditions for acoustic and elastic wave equations},
  author={Clayton, Robert and Engquist, Bj{\"o}rn},
  journal={Bulletin of the seismological society of America},
  volume={67},
  number={6},
  pages={1529--1540},
  year={1977},
  publisher={The Seismological Society of America}
}

@inproceedings{aubry1985local,
  title={Local amplification of a seismic incident field through an elastoplastic sedimentary valley},
  author={Aubry, D and Chouvet, D and Modaressi, H and Mouroux, P},
  booktitle={International conference on numerical methods in geomechanics},
  pages={1343--1350},
  year={1985}
}

@article{MODARESSI1994117,
title = "Paraxial approximation for poroelastic media",
journal = "Soil Dynamics and Earthquake Engineering",
volume = "13",
number = "2",
pages = "117 - 129",
year = "1994",
issn = "0267-7261",
doi = "https://doi.org/10.1016/0267-7261(94)90004-3",
url = "http://www.sciencedirect.com/science/article/pii/0267726194900043",
author = "Hormoz Modaressi and Ikhlef Benzenati",
abstract = "Amongst different existing techniques developed for absorbing boundaries in transient dynamic analysis, the paraxial approximation represents an elegant framework. This approach is extended to the case of saturated porous media, which is of vital interest in many earthquake engineering problems. With respect to the frequency content of the dynamic process, several formulations exist for modelling the two-phase behaviou of soil or rock materials. The existence of a shear wave and two dilatational waves, which are standard features of porous media, is verified for the adopted formulation. The paraxial approximation is presented in the case of the u â€“ p Biot two-phase dynamic formulation, suitable for seismic analyses and implemented by using a finite element approach. The efficiency of these boundaries is further verified through same numerical examples."
}